<record><leader>00000cas a2200000 a 4500</leader><controlfield tag="001">11900451</controlfield><controlfield tag="008">850410d18791880ksuwr ne      0   a0swe d</controlfield><datafield ind1=" " ind2=" " tag="010"><subfield code="a">sn 85031145 </subfield></datafield><datafield ind1=" " ind2=" " tag="040"><subfield code="a">KSH</subfield><subfield code="b">eng</subfield><subfield code="c">KSH</subfield><subfield code="d">NPT</subfield><subfield code="d">OCL</subfield><subfield code="d">OCLCQ</subfield></datafield><datafield ind1=" " ind2=" " tag="042"><subfield code="a">msc</subfield></datafield><datafield ind1="0" ind2="0" tag="245"><subfield code="a">Kansas Stats Tidning.</subfield></datafield><datafield ind1=" " ind2=" " tag="260"><subfield code="a">Lindsborg, Kan. :</subfield><subfield code="b">Skarstedt &amp; Lundqvist,</subfield><subfield code="c">1879-</subfield></datafield><datafield ind1=" " ind2=" " tag="300"><subfield code="a">v. ;</subfield><subfield code="c">60 cm.</subfield></datafield><datafield ind1=" " ind2=" " tag="310"><subfield code="a">Weekly</subfield></datafield><datafield ind1="0" ind2=" " tag="362"><subfield code="a">Arg. 1, no. 1 (Dec. 24, 1879)-</subfield></datafield><datafield ind1="1" ind2=" " tag="362"><subfield code="a">Ceased in 1880?</subfield></datafield><datafield ind1=" " ind2=" " tag="546"><subfield code="a">In Swedish.</subfield></datafield><datafield ind1=" " ind2=" " tag="752"><subfield code="a">United States</subfield><subfield code="b">Kansas</subfield><subfield code="c">McPherson</subfield><subfield code="d">Lindsborg.</subfield></datafield></record>